<record><leader>00000cas a22000007a 4500</leader><controlfield tag="001">14191456</controlfield><controlfield tag="008">860908d18931960txuwr ne      0    0eng d</controlfield><datafield ind1=" " ind2=" " tag="010"><subfield code="a">sn 86088592 </subfield></datafield><datafield ind1=" " ind2=" " tag="040"><subfield code="a">PPM</subfield><subfield code="b">eng</subfield><subfield code="c">PPM</subfield><subfield code="d">OCLCQ</subfield></datafield><datafield ind1=" " ind2=" " tag="042"><subfield code="a">msc</subfield></datafield><datafield ind1="0" ind2=" " tag="130"><subfield code="a">Wood County Democrat (Quitman, Tex.: 1893)</subfield></datafield><datafield ind1="1" ind2="0" tag="245"><subfield code="a">Wood County Democrat.</subfield></datafield><datafield ind1=" " ind2=" " tag="260"><subfield code="a">Quitman, Tex. :</subfield><subfield code="b">E.S. &amp; Jacob E. Shoaf</subfield></datafield><datafield ind1=" " ind2=" " tag="300"><subfield code="a">v. :</subfield><subfield code="b">ill. ;</subfield><subfield code="c">55 cm.</subfield></datafield><datafield ind1=" " ind2=" " tag="310"><subfield code="a">Weekly</subfield></datafield><datafield ind1="1" ind2=" " tag="362"><subfield code="a">Began in 1893?</subfield></datafield><datafield ind1="0" ind2=" " tag="362"><subfield code="a">-67th year, no. 22 (June 2, 1960).</subfield></datafield><datafield ind1=" " ind2=" " tag="500"><subfield code="a">Publisher: Alfred Padon &lt;1893-1895&gt;.</subfield></datafield><datafield ind1=" " ind2=" " tag="580"><subfield code="a">Merged with: Wood County echo, to form: Wood County Democrat and echo.</subfield></datafield><datafield ind1=" " ind2=" " tag="588"><subfield code="a">Description based on: 43rd year, no. 48 (Oct. 29, 1936).</subfield></datafield><datafield ind1=" " ind2=" " tag="752"><subfield code="a">United States</subfield><subfield code="b">Texas</subfield><subfield code="c">Wood</subfield><subfield code="d">Quitman.</subfield></datafield><datafield ind1="1" ind2="7" tag="785"><subfield code="t">Wood County echo (Quitman, Tex.: 1930)</subfield></datafield><datafield ind1="1" ind2="7" tag="785"><subfield code="t">Wood County Democrat and echo (Quitman, Tex.: 1960)</subfield><subfield code="w">(DLC)sn 83026368</subfield></datafield><datafield ind1="1" ind2=" " tag="029"><subfield code="a">AU@</subfield><subfield code="b">000025836026</subfield></datafield></record>